\bibliographystyle{plain}
\bibliography{report}

@misc{GPS,
	Author = {A Name},
	Title = {A thing},
	howpublished = {\url{somesite.orgnet}} }
	

@book{tapley2004statistical,
	  title={Statistical Orbit Determination},
	  author={Tapley, B.D. and Schutz, B.E. and Born, G.H.},
	  isbn={9780126836301},
	  lccn={2004043275},
	  url={http://books.google.com/books?id=qePVQF9v15kC},
	  year={2004},
	  publisher={Elsevier Acad. Press}
	}