\bibliographystyle{plain}
\bibliography{report}
	

% \cite{5010ProjectDescription}

	
@misc{SunTracker,
author = {},
title = {Sun Tracker.pdf},
month = April,
year = {2013},
url = {http://www.datasheetarchive.com/indexer.php?file=DSA0015697.pdf&dir=Datasheet-035&keywords=sun+tracker&database=user-highscore#}
}

@misc{MagSensor,
author = {},
title = {NTN TR75 en P036.pdf},
month = April,
year = {2013},
url = {http://ebookbrowse.com/ntn-tr75-en-p036-pdf-d239469018}
}	

@misc{CubeSatMagSensor,
author = {},
title = {REPTile: A Miniaturized Detector for a CubeSat Mission to Measure.pdf},
month = April,
year = {2013},
url = {https://www.google.com/url?sa=t&rct=j&q=&esrc=s&source=web&cd=2&ved=0CEcQFjAB&url=http%3A%2F%2Fdigitalcommons.usu.edu%2Fcgi%2Fviewcontent.cgi%3Farticle%3D1226%26context%3Dsmallsat&ei=qil4UbGoLIfGrQHY5ICACw&usg=AFQjCNFZQE8xkThm6wqt-1-EsoWi85bsXg&sig2=pgh1xmY24mRjKLUweriTTQ&bvm=bv.45645796,d.aWM
}
}	



@misc{5010ProjectDescription,
author = {Hanspeter Schaub},
title = {ASEN 5010 Term Project Description},
month = April,
year = {2013},
url = {https://learn.colorado.edu/d2l/le/content/43904/Home?itemIdentifier=D2L.LE.Content.ContentObject.ModuleCO-1137102}
}

@book{schaub2003analytical,
  title={Analytical mechanics of space systems},
  author={Schaub, H. and Junkins, J.L.},
  isbn={9781563475634},
  lccn={2003007343},
  series={AIAA Education Series},
  url={http://books.google.com/books?id=qXvESNWrfpUC},
  year={2003},
  publisher={American Institute of Aeronautics and Astronautics}
}

